<record><leader>00000cas a22000007a 4500</leader><controlfield tag="001">22408315</controlfield><controlfield tag="008">900919c19339999mnudn ne      0    0eng d</controlfield><datafield ind1=" " ind2=" " tag="010"><subfield code="a">sn 90060460 </subfield></datafield><datafield ind1=" " ind2=" " tag="040"><subfield code="a">MN#</subfield><subfield code="b">eng</subfield><subfield code="c">MN#</subfield><subfield code="d">OCL</subfield><subfield code="d">OCLCQ</subfield><subfield code="d">OCLCF</subfield><subfield code="d">OCLCO</subfield></datafield><datafield ind1="1" ind2=" " tag="029"><subfield code="a">AU@</subfield><subfield code="b">000025908025</subfield></datafield><datafield ind1=" " ind2=" " tag="042"><subfield code="a">msc</subfield></datafield><datafield ind1=" " ind2=" " tag="043"><subfield code="a">n-us-mn</subfield></datafield><datafield ind1=" " ind2=" " tag="052"><subfield code="a">4144</subfield><subfield code="b">I5</subfield></datafield><datafield ind1=" " ind2=" " tag="052"><subfield code="a">4143</subfield><subfield code="b">K6</subfield></datafield><datafield ind1="0" ind2=" " tag="130"><subfield code="a">Daily journal (International Falls, Minn. : 1933)</subfield></datafield><datafield ind1="1" ind2="4" tag="245"><subfield code="a">The daily journal.</subfield></datafield><datafield ind1="1" ind2="3" tag="246"><subfield code="a">International Falls daily journal</subfield><subfield code="f">Apr. 6, 1933-Jan. 21, 1939</subfield></datafield><datafield ind1=" " ind2=" " tag="260"><subfield code="a">International Falls, Minn. :</subfield><subfield code="b">Border Pub. Co.,</subfield><subfield code="c">1933-</subfield></datafield><datafield ind1=" " ind2=" " tag="300"><subfield code="a">v.</subfield></datafield><datafield ind1=" " ind2=" " tag="310"><subfield code="a">Daily (escept Sat. and Sun.),</subfield><subfield code="b">Sept. 4, 1956-</subfield></datafield><datafield ind1=" " ind2=" " tag="321"><subfield code="a">Daily (except Sun.),</subfield><subfield code="b">Apr. 6, 1933-Aug. 31, 1956</subfield></datafield><datafield ind1="0" ind2=" " tag="362"><subfield code="a">Vol. 22, no. 235 (Apr. 6, 1933)-</subfield></datafield><datafield ind1=" " ind2=" " tag="530"><subfield code="a">Available on microfilm from the Minnesota Historical Society.</subfield></datafield><datafield ind1=" " ind2=" " tag="580"><subfield code="a">Weekly ed. : International Falls press (International Falls, Minn. ; 1927), Apr. 6, 1933-June 25, 1942.</subfield></datafield><datafield ind1=" " ind2="0" tag="651"><subfield code="a">International Falls (Minn.)</subfield><subfield code="v">Newspapers.</subfield></datafield><datafield ind1=" " ind2="7" tag="655"><subfield code="a">Newspapers.</subfield><subfield code="2">fast</subfield><subfield code="0">(OCoLC)fst01423814</subfield></datafield><datafield ind1=" " ind2="7" tag="651"><subfield code="a">Minnesota</subfield><subfield code="z">International Falls.</subfield><subfield code="2">fast</subfield><subfield code="0">(OCoLC)fst01217335</subfield></datafield><datafield ind1=" " ind2=" " tag="752"><subfield code="a">United States</subfield><subfield code="b">Minnesota</subfield><subfield code="c">Koochiching</subfield><subfield code="d">International Falls.</subfield></datafield><datafield ind1="1" ind2=" " tag="775"><subfield code="t">International Falls press (International Falls, Minn. : 1927)</subfield><subfield code="w">(DLC)sn 90060448</subfield></datafield><datafield ind1="0" ind2="0" tag="780"><subfield code="t">International Falls daily journal</subfield><subfield code="w">(DLC)sn 90060459</subfield></datafield></record>